<?xml version="1.0" encoding="UTF-8"?>
<collection xmlns:xsi="http://www.w3.org/2001/XMLSchema-instance" xsi:schemaLocation="http://www.loc.gov/MARC21/slim http://www.loc.gov/standards/marcxml/schema/MARC21slim.xsd" xmlns="http://www.loc.gov/MARC21/slim">
<record>
  <leader>01202cam a2200289 a 4500</leader>
  <controlfield tag="001">644244</controlfield>
  <controlfield tag="003">NNC</controlfield>
  <controlfield tag="005">20130520212408.0</controlfield>
  <controlfield tag="008">880426s1983    ir       bi   001 0 ara d</controlfield>
  <datafield tag="035" ind1=" " ind2=" ">
    <subfield code="a">(OCoLC)20656971</subfield>
  </datafield>
  <datafield tag="035" ind1=" " ind2=" ">
    <subfield code="a">(OCoLC)ocm20656971</subfield>
  </datafield>
  <datafield tag="035" ind1=" " ind2=" ">
    <subfield code="a">(CStRLIN)NYCG88-B29922</subfield>
  </datafield>
  <datafield tag="035" ind1=" " ind2=" ">
    <subfield code="9">ACV1129CU</subfield>
  </datafield>
  <datafield tag="035" ind1=" " ind2=" ">
    <subfield code="a">(NNC)644244</subfield>
  </datafield>
  <datafield tag="035" ind1=" " ind2=" ">
    <subfield code="a">644244</subfield>
  </datafield>
  <datafield tag="040" ind1=" " ind2=" ">
    <subfield code="a">NjP</subfield>
    <subfield code="c">NjP</subfield>
  </datafield>
  <datafield tag="090" ind1=" " ind2=" ">
    <subfield code="a">BP192.4</subfield>
    <subfield code="b">.I26 1983g</subfield>
  </datafield>
  <datafield tag="100" ind1="1" ind2=" ">
    <subfield code="a">Ibn Bābūyah al-Qummī, ʻAlī ibn ʻUbayd Allāh,</subfield>
    <subfield code="d">1110 or 1111-approximately 1189.</subfield>
  </datafield>
  <datafield tag="240" ind1="1" ind2="0">
    <subfield code="a">Fihrist</subfield>
  </datafield>
  <datafield tag="245" ind1="1" ind2="0">
    <subfield code="a">Fihrist asmāʾ ʻulamāʾ al-Shīʻah wa-muṣannifīhim /</subfield>
    <subfield code="c">li-Muntajab al-Dīn Abī al-Ḥasan ʻAlī ibn ʻUbayd Allāh ibn Bābūyah al-Rāzī ; taḥqīq ʻAbd al-ʻAzīz al-Ṭabāṭabāʾī.</subfield>
  </datafield>
  <datafield tag="260" ind1=" " ind2=" ">
    <subfield code="a">[Qum] :</subfield>
    <subfield code="b">Majmaʻ al-Dhakhāʾir al-Islāmīyah ;</subfield>
    <subfield code="a">Tihrān :</subfield>
    <subfield code="b">al-Murtaḍawīyah,</subfield>
    <subfield code="c">1404 [1983 or 1984]</subfield>
  </datafield>
  <datafield tag="300" ind1=" " ind2=" ">
    <subfield code="a">52, 245 p. ;</subfield>
    <subfield code="c">25 cm.</subfield>
  </datafield>
  <datafield tag="490" ind1="1" ind2=" ">
    <subfield code="a">al-Mukhtār min al-turāth ;</subfield>
    <subfield code="v">15</subfield>
  </datafield>
  <datafield tag="504" ind1=" " ind2=" ">
    <subfield code="a">Includes bibliographical references and indexes.</subfield>
  </datafield>
  <datafield tag="650" ind1=" " ind2="0">
    <subfield code="a">Shiites</subfield>
    <subfield code="x">History</subfield>
    <subfield code="v">Indexes</subfield>
    <subfield code="v">Early works to 1800.</subfield>
  </datafield>
  <datafield tag="700" ind1="1" ind2=" ">
    <subfield code="a">Ṭabāṭabāʼī, ʻAbd al-ʻAzīz.</subfield>
  </datafield>
  <datafield tag="830" ind1=" " ind2="0">
    <subfield code="a">Mukhtār min al-turāth ;</subfield>
    <subfield code="v">15.</subfield>
  </datafield>
  <datafield tag="955" ind1=" " ind2=" ">
    <subfield code="b">CU01874527</subfield>
    <subfield code="d">off,glx</subfield>
    <subfield code="e">BP192.4 .I26 1983g</subfield>
  </datafield>
</record>
</collection>